%
% Bibliographie fuer den scrguide
%

@Article{   DANTE:TK0297:MJK1,
  author  = {Markus Kohm},
  title   = {{\KOMAScript} -- Eine Alternative zu den
             Standardklassen?},
  journal = {Die \TeX nische Kom\"odie},
  year    = 1996,
  volume  = {2},
  pages   = {14--33},
  note    = {{DANTE} e.\,V.}
}

@Article{   DANTE:TK0402:MJK,
  author  = {Markus Kohm},
  title   = {Satzspiegelkonstruktionen im Vergleich},
  journal = {Die \TeX nische Kom\"odie},
  volume  = {4},
  year    = 2002,
  pages   = {28--48},
  note    = {{DANTE} e.\,V.}
}

@Article{   DANTE:TK0203:MJK,
  author  = {Markus Kohm},
  title   = {Moderne Briefe mit {\KOMAScript}},
  journal = {Die \TeX nische Kom\"odie},
  volume  = {2},
  year    = 2003,
  pages   = {32--51},
  note    = {{DANTE} e.\,V.}
}

@Book{      DUDEN,
  author  = {DUDEN},
  title   = {Die deutsche Rechtschreibung},
  publisher = {DUDENVERLAG},
  year    = 1996,
  address = {Mannheim},
  edition = 21
}

@Book{      knuth:mfbook,
  author  = {Donald E. Knuth},
  title   = {The {\MF book}},
  publisher = {Addison-Wesley Publishing Company},
  year    = 1991,
  address = {Reading, Mass.},
  edition = 6,
  volume  = {C},
  series  = {Computers and Typesetting}
}

@Book{      knuth:texbook,
  author  = {Donald E. Knuth},
  title   = {The {\TeX book}},
  publisher = {Addison-Wesley Publishing Company},
  address = {Reading, Mass.},
  year    = 1990,
  edition = {19},
  volume  = {A},
  series  = {Computers and Typesetting}
}

@Book{      JTsch87,
  author  = {Jan Tschichold},
  title   = {Ausgew{\"a}hlte Aufs{\"a}tze {\"u}ber Fragen der Gestalt des Buches und der Typographie},
  publisher = {Birkh{\"a}user Verlag},
  year    = 1987,
  address = {Basel},
  edition = 2
}

@Book{      TYPO:ErsteHilfe,
  author  = {Hans Peter Willberg and Friedrich Forssman},
  title   = {Erste Hilfe in Typografie},
  subtitle = {Ratgeber f{\"u}r Gestaltung mit Schrift},
  publisher = {Verlag Hermann Schmidt},
  year    = 2000,
  address = {Mainz}
}

@Book{      TYPO:Werkstattbuch,
  author =  {Indra Kupferschmid},
  editor =  {},
  title =   {Buchstaben kommen selten allein: Ein typografisches Werkstattbuch},
  publisher = {Universit\"atsverlag Weimar},
  year =    {2000},
  note =    {{ISBN} 3-86068-140-0}
}

@InCollection{    JTschMass,
  author        = {Jan Tschichold},
  title         = {Willk{\"u}rfreie Ma{\ss}verh{\"a}ltnisse der Buchseite und des Satzspiegels},
  booktitle     = {Schriften 1925-1974},
  year          = 1992,
  publisher     = {Brinkmann \& Bose},
  address       = {Berlin}
}

@Misc{            www:blaettery,
  author        = {J{\"u}rgen F. Schopp},
  address       = {mailto: \url{jurgen.schapp@uta.fi}},
  title         = {Bl{\"a}tter (und Tipps) zur Typografie},
  institution   = {Institut f{\"u}r Sprach- und Translationswissenschaften},
  organization  = {Universit{\"a}t Tampere, Finnland},
  howpublished  = {2. Version},
  year          = 2002,
  month         = sep,
  url           = {http://www.uta.fi/~trjusc/typoblatt.htm}
}

@Misc{            zeitung,
  author        = {Martin Z. Schr{\"o}der},
  title         = {Die Anmut des Unscheinbaren},
  howpublished  = {Berliner Zeitung},
  year          = 1998,
  month         = {10. Oktober},
  url           = {http://www.berlinonline.de/wissen/berliner_zeitung/archiv/1998/1010/magazin/0003/}
}

@Misc{            www:gutetypo,
  author        = {Hermann Rotermund},
  title         = {Gute Typographie auf Papier und im Web},
  url           = {http://www.weisses-rauschen.de/hero/Typographie.htm}
}

@Misc{            www:typoclass,
  author        = {Axel Reichert},
  title         = {Typografie -- Gestaltung einer Beispielklasse},
  howpublished  = {Tutorium auf der Tagung DANTE'99},
  url           = {CTAN://info/german/typografie/}
}

@Manual{    l2kurz,
  author  = {Walter Schmidt and J{\"o}rg Knappen and Hubert Partl and Irene 
Hyna},
  title   = {{\LaTeXe}-Kurzbeschreibung},
  year    = 1999,
  month   = apr,
  url     = {CTAN://info/lshort/german/}
}

@Manual{    lshort,
  author  = {Tobias Oetker and Hubert Partl and Irene Hyna and Elisabeth 
Schlegl},
  title   = {The Not So Short Introduction to {\LaTeXe}},
  year    = 1999,
  month   = apr,
  version = {3.7},
  url     = {CTAN://info/lshort/}
}

@Book{      latexbook,
   author  = {Leslie Lamport},
   title   = {Das {\LaTeX -Handbuch}},
   publisher = {Addison-Wesley Publishing Company},
   address = {Bonn, Paris {u.\,a.}},
   year    = 1995
}

@Manual{    btxdoc,
   author  = {Oren Patashnik},
   title   = {{Bib\TeX ing}},
   year    = 1988,
   month   = feb,
   url     = {CTAN://biblio/bibtex/distribs/doc/btxdoc.tex}
}

@Manual{    btxhak,
   author  = {Oren Patashnik},
   title   = {Designing {Bib\TeX} Styles},
   year    = 1988,
   month   = feb,
   url     = {CTAN://biblio/bibtex/distribs/doc/btxhak.tex}
}

@Misc{      DANTE:FAQ,
  author  = {Bernd Raichle and Rolf Niepraschk and Thomas Hafner},
  title   = {DE-{\TeX}-/DANTE-FAQ},
  year    = 2002,
  month   = may,
  edition = {71},
  url     = {http://www.dante.de/faq/de-tex-faq/}
}

@Misc{      UK:FAQ,
  editor  = {Robin Fairbairns},
  title   = {TeX Frequently Asked Questions on the Web},
  year    = 2002,
  month   = may,
  edition = {3.0b},
  url     = {http://www.tex.ac.uk/faq/}
}

@Misc{      latex:classes,
  author  = {Leslie Lamport and Frank Mittelbach and Johannes Braams},
  title   = {Standard Document Classes for {\LaTeX} version 2e},
  year    = 2000,
  month   = may,
  edition = {1.4b},
  url     = {CTAN://macros/latex/base/classes.dtx}
}

@Misc{      package:adrconv,
   author  = {Axel Kielhorn},
   title   = {adrconv},
   year    = 1999,
   month   = nov,
   edition = {1.2},
   url     = {CTAN://macros/latex/contrib/adrconv/}
}

@Misc{      url:aka,
  author  = {Axel Kielhorn},
  title   = {{\LaTeX} page},
  url     = {http://www-public.tu-bs.de:8080/~i0080108/latex.html}
}

@Misc{      latex:clsguide,
  author  = {{\LaTeX3} Project Team},
  title   = {{\LaTeXe} for class and package writers},
  year    = 1999,
  month   = mar,
  url     = {CTAN://macros/latex/doc/clsguide.pdf}
}

@Misc{      latex:usrguide,
  author  = {{\LaTeX3} Project Team},
  title   = {{\LaTeXe} for authors},
  year    = 2001,
  month   = jul,
  url     = {CTAN://macros/latex/doc/usrguide.pdf}
}

@Misc{      latex:fntguide,
  author  = {{\LaTeX3} Project Team},
  title   = {{\LaTeXe} font selection},
  year    = 2000,
  month   = sep,
  url     = {CTAN://macros/latex/doc/fntguide.pdf}
}

@Misc{      latex:cfgguide,
  author  = {{\LaTeX3} Project Team},
  title   = {Configuration options for {\LaTeXe}},
  year    = 2001,
  month   = aug,
  url     = {CTAN://macros/latex/doc/cfgguide.pdf}
}

@Misc{      package:setspace,
  author  = {Geoffrey Tobin},
  title   = {{\Package{setspace}} {\LaTeX} package},
  year    = 2000,
  month   = dec,
  edition = {6.7},
  url     = {CTAN://macros/latex/contrib/setspace/}
}

@Misc{      package:geometry,
  author  = {Hideo Umeki},
  title   = {The {\Package{geometry}} package},
  year    = 2000,
  month   = jun,
  edition = {2.3},
  url     = {CTAN://macros/latex/contrib/geometry/}
}

@Misc{      package:german,
  author  = {Bernd Raichle},
  title   = {{\Package{german}} package},
  year    = 1998,
  month   = jul,
  edition = {2.5e},
  url     = {CTAN://language/german/}
}

@Misc{      package:ngerman,
  author  = {Bernd Raichle},
  title   = {{\Package{ngerman}} package},
  year    = 1998,
  month   = jul,
  edition = {2.5e},
  url     = {CTAN://language/german/}
}

@Misc{      package:graphics,
  author  = {David P. Carlisle},
  title   = {Packages in the `graphics' bundle},
  year    = 1999,
  month   = feb,
  url     = {CTAN://macros/latex/required/graphics/}
}

@Misc{      package:multicol,
  author  = {Frank Mittelbach},
  title   = {An environment for multicolumn output},
  year    = 2000,
  month   = jul,
  edition = {1.5z},
  url     = {CTAN://macros/latex/required/tools/}
}

@Misc{      package:ifthen,
  author  = {David Carlisle},
  title   = {The \textsf{ifthen} package},
  year    = 1999,
  month   = sep,
  edition = {1.1b},
  url     = {CTAN://macros/latex/base/}
}

@Misc{      package:french,
  author  = {Bernard Gaulle},
  title   = {Les distributions de fichiers de francisation pour LaTeX},
  year    = 2003,
  month   = dec,
  edition = {5,80},
  url     = {CTAN://language/french/}
}

@Misc{      package:babel,
  author  = {Johannes Braams},
  title   = {Babel, a multilangual package for use with \LaTeX's standard 
document classes},
  year    = 2001,
  month   = feb,
  edition = {3.7},
  url     = {CTAN://macros/latex/required/babel/}
}

@Misc{      package:extsizes,
  author  = {James Kilfiger},
  title   = {{\Package{extsizes}}, a non standard \LaTeX-package},
  year    = 1999,
  month   = nov,
  edition = {1.4a},
  url     = {CTAN://macros/latex/contrib/extsizes/}
}

@Misc{      package:natbib,
  author  = {Patrick W. Daly},
  title   = {Natural Sciences Citations an References},
  year    = 1999,
  month   = may,
  edition = {7.0},
  url     = {CTAN://macros/latex/contrib/natbib/}
}

@Misc{      package:fancyhdr,
  author  = {Piet van Oostrum},
  title   = {Page layout in \LaTeX},
  year    = 2000,
  month   = oct,
  edition = {2.0},
  url     = {CTAN://macros/latex/contrib/fancyhdr/}
}

@Misc{      package:topcapt,
  author  = {Robin Fairbairns},
  title   = {topcapt.sty},
  year    = 1999,
  month   = mar,
  edition = {1.1a},
  url     = {CTAN://macros/latex/contrib/misc/topcapt.sty}
}

@Misc{      package:caption,
  author  = {Harald Axel Sommerfeldt},
  title   = {caption package},
  year    = 2004,
  month   = jul,
  edition = {3.0c},
  url     = {CTAN://macros/latex/contrib/caption/}
}

@Misc{      package:hyperref,
  author  = {Sebastian Rahtz},
  title   = {Hypertext marks in {\LaTeX}: the \textsf{hyperref} package},
  year    = 2001,
  month   = feb,
  edition = {6.71c},
  url     = {CTAN://macros/latex/contrib/hyperref/}
}

@Misc{      package:float,
  author  = {Anselm Lingnau},
  title   = {An Improved Environment for Floats},
  year    = 2001,
  month   = jul,
  edition = {1.2e},
  url     = {CTAN://macros/latex/contrib/float/}
}

@Misc{      package:longtable,
  author  = {David Carlise},
  title   = {The \textsf{longtable} package},
  year    = 1998,
  month   = may,
  edition = {4.09},
  url     = {CTAN://macros/latex/required/tools/}
}

@Misc{     package:ragged2e,
  author  = {Martin Schr{\"o}der},
  title   = {The \textsf{Ragged2e} package},
  year    = 2003,
  month   = jan,
  edition = {2.00},
  url     = {CTAN://macros/latex/contrib/ms/}
}

@Misc{      package:mparhack,
  author  = {Tom Sgouros and Stefan Ulrich},
  title   = {The \textsf{mparhack} package},
  year    = 2003,
  month   = may,
  edition = {1.3a},
  url     = {CTAN://macros/latex/contrib/mparhack/}
}

@Misc{           package:eso-pic,
  author =       {Rolf Niepraschk},
  title =        {The \textsf{eso-pic} package},
  howpublished = {\LaTeX-Paket in Version 1.1b},
  month =        nov,
  year =         2002,
  url =         {CTAN://macros/latex/contrib/eso-pic/}}
}

@Misc{      homepage,
  key     = {KDP},
  title   = {\KOMAScript{} Homepage},
  url     = {http://www.komascript.de}
}

% end of file `scrguide.bib'
